@article{blei2003latent,
  title={Latent dirichlet allocation},
  author={Blei, David M and Ng, Andrew Y and Jordan, Michael I},
  journal={the Journal of machine Learning research},
  volume={3},
  pages={993--1022},
  year={2003},
  publisher={JMLR. org}
}

@book{jockers2014text,
  title={Text analysis with R for students of literature},
  author={Jockers, Matthew Lee},
  year={2014},
  publisher={Springer}
}

@article{blei2007correlated,
  title={A correlated topic model of science},
  author={Blei, David M and Lafferty, John D},
  journal={The Annals of Applied Statistics},
  pages={17--35},
  year={2007},
  publisher={JSTOR}
}

@article{grimmer2010bayesian,
  title={A Bayesian hierarchical topic model for political texts: Measuring expressed agendas in Senate press releases},
  author={Grimmer, Justin},
  journal={Political Analysis},
  volume={18},
  number={1},
  pages={1--35},
  year={2010},
  publisher={SPM-PMSAPSA}
}

@article{pennisi1996seeking,
  title={Seeking life's bare (genetic) necessities},
  author={Pennisi, Elizabeth},
  journal={Science},
  volume={272},
  number={5265},
  pages={1098--1099},
  year={1996},
  publisher={American Association for the Advancement of Science}
}


@inproceedings{blei2006dynamic,
  title={Dynamic topic models},
  author={Blei, David M and Lafferty, John D},
  booktitle={Proceedings of the 23rd international conference on Machine learning},
  pages={113--120},
  year={2006},
  organization={ACM}
}

@article{blei2012probabilistic,
  title={Probabilistic topic models},
  author={Blei, David M},
  journal={Communications of the ACM},
  volume={55},
  number={4},
  pages={77--84},
  year={2012},
  publisher={ACM}
}



@inproceedings{wang2007topical,
  title={Topical n-grams: Phrase and topic discovery, with an application to information retrieval},
  author={Wang, Xuerui and McCallum, Andrew and Wei, Xing},
  booktitle={Data Mining, 2007. ICDM 2007. Seventh IEEE International Conference on},
  pages={697--702},
  year={2007},
  organization={IEEE}
}

@inproceedings{hong2010empirical,
  title={Empirical study of topic modeling in twitter},
  author={Hong, Liangjie and Davison, Brian D},
  booktitle={Proceedings of the first workshop on social media analytics},
  pages={80--88},
  year={2010},
  organization={ACM}
}

@inproceedings{mimno2011optimizing,
  title={Optimizing semantic coherence in topic models},
  author={Mimno, David and Wallach, Hanna M and Talley, Edmund and Leenders, Miriam and McCallum, Andrew},
  booktitle={Proceedings of the Conference on Empirical Methods in Natural Language Processing},
  pages={262--272},
  year={2011},
  organization={Association for Computational Linguistics}
}

@inproceedings{chaney2012visualizing,
  title={Visualizing Topic Models.},
  author={Chaney, Allison June-Barlow and Blei, David M},
  booktitle={ICWSM},
  year={2012}
}

@inproceedings{banerjee2007topic,
  title={Topic Models over Text Streams: A Study of Batch and Online Unsupervised Learning.},
  author={Banerjee, Arindam and Basu, Sugato},
  booktitle={SDM},
  volume={7},
  pages={437--442},
  year={2007},
  organization={SIAM}
}

@inproceedings{mcauliffe2008supervised,
  title={Supervised topic models},
  author={Mcauliffe, Jon D and Blei, David M},
  booktitle={Advances in neural information processing systems},
  pages={121--128},
  year={2008}
}

@article{airoldi2015regularization,
  title={A regularization scheme on word occurrence rates that improves estimation and interpretation of topical content},
  author={Airoldi, Edoardo M and Bischof, Jonathan M},
  journal={Journal of the American Statistical Association},
  number={just-accepted},
  pages={00--00},
  year={2015},
  publisher={Taylor \& Francis}
}

@article{roberts2015model,
  title={A model of text for experimentation in the social sciences},
  author={Roberts, Margaret E and Stewart, Brandon M and Airoldi, Edoardo M},
  journal={Unpublished Working Paper, URL http://scholar.princeton.edu/sites/default/files/bstewart/files/stm.pdf},
  year={2015}
}

@Manual{r2015,
    title = {R: A Language and Environment for Statistical Computing},
    author = {{R Core Team}},
    organization = {R Foundation for Statistical Computing},
    address = {Vienna, Austria},
    year = {2015},
    url = {https://www.R-project.org/},
  }

@MISC{tm2015,
    title = {tm: Text Mining Package},
    author = {Feinerer, Ingo and Hornik, Kurt},
    year = {2015},
    url = {https://CRAN.R-project.org/package=tm}
}

@article{pritchard2000inference,
  title={Inference of population structure using multilocus genotype data},
  author={Pritchard, Jonathan K and Stephens, Matthew and Donnelly, Peter},
  journal={Genetics},
  volume={155},
  number={2},
  pages={945--959},
  year={2000},
  publisher={Genetics Soc America}
}

@article{blei2012probabilistic,
  title={Probabilistic topic models},
  author={Blei, David M},
  journal={Communications of the ACM},
  volume={55},
  number={4},
  pages={77--84},
  year={2012},
  publisher={ACM}
}

@inproceedings{chang2009reading,
  title={Reading tea leaves: How humans interpret topic models},
  author={Chang, Jonathan and Gerrish, Sean and Wang, Chong and Boyd-Graber, Jordan L and Blei, David M},
  booktitle={Advances in neural information processing systems},
  pages={288--296},
  year={2009}
}

@misc{mimno2016topic,
  title={Topic modeling bibliography},
  author={David Mimno},
  url={http://mimno.infosci.cornell.edu/topics.html},
  year={2016}
}

@article{blei2014build,
  title={Build, compute, critique, repeat: Data analysis with latent variable models},
  author={Blei, David M},
  journal={Annual Review of Statistics and Its Application},
  volume={1},
  pages={203--232},
  year={2014},
  publisher={Annual Reviews}
}

@article{derose2014victorian,
  title={Victorian eyes: Literary, statistical, and artistic perspectives on Victorian novels -- and Dickens's unfinished murder mystery},
  author={DeRose, Catherine and Roy, Carrie and Boehm, Fred},
  journal={Significance},
  volume={11},
  number={2},
  pages={40--43},
  year={2014},
  publisher={The Royal Statistical Society}
}

@misc{roy2013victorian,
  author={Roy, Carrie and DeRose, Catherine and Boehm, Fred},
  title={Victorian Eyes},
  url={http://victorianeyes.com},
  year={2013}
}

@Manual{r-lda,
    title = {lda: Collapsed Gibbs Sampling Methods for Topic Models},
    author = {Jonathan Chang},
    year = {2015},
    note = {R package version 1.4.2},
    url = {https://CRAN.R-project.org/package=lda},
  }

@Manual{r-tm,
    title = {tm: Text Mining Package},
    author = {Ingo Feinerer and Kurt Hornik},
    year = {2015},
    note = {R package version 0.6-2},
    url = {https://CRAN.R-project.org/package=tm},
  }

@Manual{r-LDAvis,
    title = {LDAvis: Interactive Visualization of Topic Models},
    author = {Carson Sievert and Kenny Shirley},
    year = {2015},
    note = {R package version 0.3.2},
    url = {https://CRAN.R-project.org/package=LDAvis},
  }

@Manual{r-stringr,
    title = {stringr: Simple, Consistent Wrappers for Common String Operations},
    author = {Hadley Wickham},
    year = {2015},
    note = {R package version 1.0.0},
    url = {https://CRAN.R-project.org/package=stringr},
  }

@inproceedings{hofmann1999probabilistic,
  title={Probabilistic latent semantic indexing},
  author={Hofmann, Thomas},
  booktitle={Proceedings of the 22nd annual international ACM SIGIR conference on Research and development in information retrieval},
  pages={50--57},
  year={1999},
  organization={ACM}
}

@book{airoldi2014handbook,
  title={Handbook of Mixed Membership Models and Their Applications},
  author={Airoldi, Edoardo M and Blei, David and Erosheva, Elena A and Fienberg, Stephen E},
  year={2014},
  publisher={CRC Press}
}

@inproceedings{blei2006dynamic,
  title={Dynamic topic models},
  author={Blei, David M and Lafferty, John D},
  booktitle={Proceedings of the 23rd international conference on Machine learning},
  pages={113--120},
  year={2006},
  organization={ACM}
}

@inproceedings{rosen2004author,
  title={The author-topic model for authors and documents},
  author={Rosen-Zvi, Michal and Griffiths, Thomas and Steyvers, Mark and Smyth, Padhraic},
  booktitle={Proceedings of the 20th conference on Uncertainty in artificial intelligence},
  pages={487--494},
  year={2004},
  organization={AUAI Press}
}

@article{griffiths2004hierarchical,
  title={Hierarchical topic models and the nested chinese restaurant process},
  author={Griffiths, DMBTL and Tenenbaum, MIJJB},
  journal={Advances in neural information processing systems},
  volume={16},
  pages={17},
  year={2004},
  publisher={The MIT Press}
}

@inproceedings{hall2008studying,
  title={Studying the history of ideas using topic models},
  author={Hall, David and Jurafsky, Daniel and Manning, Christopher D},
  booktitle={Proceedings of the conference on empirical methods in natural language processing},
  pages={363--371},
  year={2008},
  organization={Association for Computational Linguistics}
}

@article{grimmer2010bayesian,
  title={A Bayesian hierarchical topic model for political texts: Measuring expressed agendas in Senate press releases},
  author={Grimmer, Justin},
  journal={Political Analysis},
  volume={18},
  number={1},
  pages={1--35},
  year={2010},
  publisher={SPM-PMSAPSA}
}

@article{box1976science,
  title={Science and statistics},
  author={Box, George EP},
  journal={Journal of the American Statistical Association},
  volume={71},
  number={356},
  pages={791--799},
  year={1976},
  publisher={Taylor \& Francis}
}

@inproceedings{mimno2011bayesian,
  title={Bayesian checking for topic models},
  author={Mimno, David and Blei, David},
  booktitle={proceedings of the conference on empirical methods in natural language processing},
  pages={227--237},
  year={2011},
  organization={Association for Computational Linguistics}
}

@inproceedings{li2006pachinko,
  title={Pachinko allocation: DAG-structured mixture models of topic correlations},
  author={Li, Wei and McCallum, Andrew},
  booktitle={Proceedings of the 23rd international conference on Machine learning},
  pages={577--584},
  year={2006},
  organization={ACM}
}


@inproceedings{taddy2012estimation,
  title={On Estimation and Selection for Topic Models},
  author={Taddy, Matthew A.},
  booktitle={International Conference on Artificial Intelligence and Statistics},
  pages={1184--1193},
  year={2012}
}

@article{airoldi2010reconceptualizing,
  title={Reconceptualizing the classification of PNAS articles},
  author={Airoldi, Edoardo M and Erosheva, Elena A and Fienberg, Stephen E and Joutard, Cyrille and Love, Tanzy and Shringarpure, Suyash},
  journal={Proceedings of the National Academy of Sciences},
  volume={107},
  number={49},
  pages={20899--20904},
  year={2010},
  publisher={National Acad Sciences}
}

@article{roeder1997practical,
  title={Practical Bayesian density estimation using mixtures of normals},
  author={Roeder, Kathryn and Wasserman, Larry},
  journal={Journal of the American Statistical Association},
  volume={92},
  number={439},
  pages={894--902},
  year={1997},
  publisher={Taylor \& Francis Group}
}
@article{box1962useful,
  title={A useful method for model-building},
  author={Box, George EP and Hunter, William G},
  journal={Technometrics},
  volume={4},
  number={3},
  pages={301--318},
  year={1962},
  publisher={Taylor \& Francis}
}